@article{baud2020real,
  title={Real estimates of mortality following COVID-19 infection},
  author={Baud, David and Qi, Xiaolong and Nielsen-Saines, Karin and Musso, Didier and Pomar, L{\'e}o and Favre, Guillaume},
  journal={The Lancet infectious diseases},
  year={2020},
  publisher={Elsevier}
}
@article{jia2020prediction,
  title={Prediction and analysis of Coronavirus Disease 2019},
  author={Jia, Lin and Li, Kewen and Jiang, Yu and Guo, Xin and others},
  journal={arXiv preprint arXiv:2003.05447},
  year={2020}
}
@online{knuthwebsite,
    author    = "google news",
    title     = "Coronavirus (COVID-19)",
    url       = "https://news.google.com/covid19/map?hl=en-US&gl=US&ceid=US:en",
    keywords  = "covid-19"
}
@article{fawad2020updated,
  title={An Updated Trend Analysis Representing the Outbreak of Novel Coronavirus (2019-nCoV) in 16 Cities of Hubei Province, China Using Logistic S-Curve Model},
  author={Fawad, Muhammad and Mubarik, Sumaira and Shakil Malik, Saima and Hao, Yangyang and Yu, Chuanhua and Ren, Jingli},
  journal={China Using Logistic S-Curve Model (3/6/2020)},
  year={2020}
}
@article{world2020coronavirus,
  title={Coronavirus disease 2019 (COVID-19): situation report, 72},
  author={World Health Organization and others},
  year={2020},
  publisher={World Health Organization}
}
@article{fawad2020updated,
  title={An Updated Trend Analysis Representing the Outbreak of Novel Coronavirus (2019-nCoV) in 16 Cities of Hubei Province, China Using Logistic S-Curve Model},
  author={Fawad, Muhammad and Mubarik, Sumaira and Shakil Malik, Saima and Hao, Yangyang and Yu, Chuanhua and Ren, Jingli},
  journal={China Using Logistic S-Curve Model (3/6/2020)},
  year={2020}
}
@article{wu2020open,
  title={Open-source analytics tools for studying the COVID-19 coronavirus outbreak},
  author={Wu, Tianzhi and Ge, Xijin and Yu, Guangchuang and Hu, Erqiang},
  journal={medRxiv},
  year={2020},
  publisher={Cold Spring Harbor Laboratory Press}
}
@article{baud2020real,
  title={Real estimates of mortality following COVID-19 infection},
  author={Baud, David and Qi, Xiaolong and Nielsen-Saines, Karin and Musso, Didier and Pomar, L{\'e}o and Favre, Guillaume},
  journal={The Lancet infectious diseases},
  year={2020},
  publisher={Elsevier}
}
@article{jia2020prediction,
  title={Prediction and analysis of Coronavirus Disease 2019},
  author={Jia, Lin and Li, Kewen and Jiang, Yu and Guo, Xin and others},
  journal={arXiv preprint arXiv:2003.05447},
  year={2020}
}
@misc{batista2020estimation,
  title={Estimation of the final size of the coronavirus epidemic by the logistic model},
  author={Batista, Milan},
  year={2020},
  publisher={Feb}
}
@article{liu2020analysis,
  title={Analysis of factors associated with disease outcomes in hospitalized patients with 2019 novel coronavirus disease},
  author={Liu, Wei and Tao, Zhao-Wu and Wang, Lei and Yuan, Ming-Li and Liu, Kui and Zhou, Ling and Wei, Shuang and Deng, Yan and Liu, Jing and Liu, Hui-Guo and others},
  journal={Chinese medical journal},
  year={2020},
  publisher={Wolters Kluwer Health}
}
@article{ivanov2020predicting,
  title={Predicting the impacts of epidemic outbreaks on global supply chains: A simulation-based analysis on the coronavirus outbreak (COVID-19/SARS-CoV-2) case},
  author={Ivanov, Dmitry},
  journal={Transportation Research Part E: Logistics and Transportation Review},
  volume={136},
  pages={101922},
  year={2020},
  publisher={Elsevier}
}
@article{zhu2020novel,
  title={The novel coronavirus outbreak in Wuhan, China},
  author={Zhu, Hengbo and Wei, Li and Niu, Ping},
  journal={Global health research and policy},
  volume={5},
  number={1},
  pages={1--3},
  year={2020},
  publisher={Springer}
}
@article{singhal2020review,
  title={A review of coronavirus disease-2019 (COVID-19)},
  author={Singhal, Tanu},
  journal={The Indian Journal of Pediatrics},
  pages={1--6},
  year={2020},
  publisher={Springer}
}